<record><leader>00000cas a22000007a 4500</leader><controlfield tag="001">20728025</controlfield><controlfield tag="008">891204d19201929arudn ne      0    0eng d</controlfield><datafield ind1=" " ind2=" " tag="010"><subfield code="a">sn 89051450 </subfield></datafield><datafield ind1=" " ind2=" " tag="040"><subfield code="a">ANU</subfield><subfield code="b">eng</subfield><subfield code="c">ANU</subfield><subfield code="d">OCLCQ</subfield></datafield><datafield ind1=" " ind2=" " tag="042"><subfield code="a">msc</subfield></datafield><datafield ind1="0" ind2="4" tag="245"><subfield code="a">The Camden evening news.</subfield></datafield><datafield ind1=" " ind2=" " tag="260"><subfield code="a">Camden, Ark. :</subfield><subfield code="b">News Pub. Co.</subfield></datafield><datafield ind1=" " ind2=" " tag="300"><subfield code="a">v.</subfield></datafield><datafield ind1=" " ind2=" " tag="310"><subfield code="a">Daily (except Saturday),</subfield><subfield code="b">Aug. 11-Sept. 20, 1929</subfield></datafield><datafield ind1=" " ind2=" " tag="321"><subfield code="a">Daily (except Sunday),</subfield><subfield code="b">&lt;Aug. 30, 1921&gt;-Aug. 9, 1929</subfield></datafield><datafield ind1="1" ind2=" " tag="362"><subfield code="a">Began in 1920.</subfield></datafield><datafield ind1="0" ind2=" " tag="362"><subfield code="a">-v. 10, no. 124 (Sept. 20, 1929).</subfield></datafield><datafield ind1=" " ind2=" " tag="588"><subfield code="a">Description based on: Vol. 2, no. 108 (Aug. 30, 1921).</subfield></datafield><datafield ind1=" " ind2=" " tag="752"><subfield code="a">United States</subfield><subfield code="b">Arkansas</subfield><subfield code="c">Ouachita</subfield><subfield code="d">Camden.</subfield></datafield><datafield ind1="0" ind2=" " tag="775"><subfield code="t">Beacon-herald</subfield><subfield code="w">(DLC)sn 89051433</subfield></datafield><datafield ind1="0" ind2="0" tag="785"><subfield code="t">Camden news (Camden, Ark.)</subfield><subfield code="w">(DLC)sn 89051454</subfield></datafield><datafield ind1="1" ind2=" " tag="029"><subfield code="a">AU@</subfield><subfield code="b">000025898290</subfield></datafield></record>